<record><leader>00000cas a2200000 a 4500</leader><controlfield tag="001">11977928</controlfield><controlfield tag="008">850429d19351977kyuwr ne      0    0eng d</controlfield><controlfield tag="009">5569</controlfield><datafield ind1=" " ind2=" " tag="010"><subfield code="a">sn 85052037 </subfield></datafield><datafield ind1=" " ind2=" " tag="040"><subfield code="a">KNP</subfield><subfield code="b">eng</subfield><subfield code="c">KNP</subfield><subfield code="d">DLC</subfield><subfield code="d">KNP</subfield><subfield code="d">OCL</subfield><subfield code="d">OCLCQ</subfield></datafield><datafield ind1=" " ind2=" " tag="042"><subfield code="a">msc</subfield></datafield><datafield ind1="0" ind2="4" tag="245"><subfield code="a">The Cave City progress.</subfield></datafield><datafield ind1=" " ind2=" " tag="260"><subfield code="a">Cave City, Ky. :</subfield><subfield code="b">Embry Newspapers,</subfield><subfield code="c">1935-1977.</subfield></datafield><datafield ind1=" " ind2=" " tag="300"><subfield code="a">v. :</subfield><subfield code="b">ill.</subfield></datafield><datafield ind1=" " ind2=" " tag="310"><subfield code="a">Weekly</subfield></datafield><datafield ind1="0" ind2=" " tag="362"><subfield code="a">Vol. 1, no. 1 (Mar. 15, 1935)-1977, no. 46 (Nov. 24, 1977).</subfield></datafield><datafield ind1=" " ind2=" " tag="515"><subfield code="a">Volume numbering dropped?</subfield></datafield><datafield ind1=" " ind2="4" tag="651"><subfield code="a">Barren County (Ky.)</subfield><subfield code="v">Newspapers.</subfield></datafield><datafield ind1=" " ind2="4" tag="651"><subfield code="a">Cave City (Ky.)</subfield><subfield code="v">Newspapers.</subfield></datafield><datafield ind1=" " ind2=" " tag="752"><subfield code="a">United States</subfield><subfield code="b">Kentucky</subfield><subfield code="c">Barren</subfield><subfield code="d">Cave City.</subfield></datafield><datafield ind1="0" ind2="0" tag="785"><subfield code="t">Barren County progress (Cave City, Ky. : 1977)</subfield><subfield code="w">(DLC)sn 8309359</subfield></datafield></record>